<?xml version="1.0" encoding="utf-8"?>
<record xmlns="http://www.loc.gov/MARC21/slim" xmlns:xsi="http://www.w3.org/2001/XMLSchema-instance" xsi:schemaLocation="http://www.loc.gov/MARC21/slim http://www.loc.gov/standards/marcxml/schema/MARC21slim.xsd">
	<leader>     nam a22     Mi 4500</leader>
	<controlfield tag="001">1088637</controlfield>
	<controlfield tag="003">NjP</controlfield>
	<controlfield tag="006">m        d        </controlfield>
	<controlfield tag="007">cr cn |||m|||a</controlfield>
	<controlfield tag="008">210308s1843    tu      o     000 0 ara d</controlfield>
	<datafield ind1=" " ind2=" " tag="040">
		<subfield code="a">ZYU</subfield>
		<subfield code="b">ara</subfield>
		<subfield code="e">rda</subfield>
		<subfield code="c">ZYU</subfield>
	</datafield>
	<datafield ind1="0" ind2=" " tag="100">
		<subfield code="a">Muḥarram Afandī.</subfield>
	</datafield>
	<datafield ind1="1" ind2="0" tag="240">
		<subfield code="a">Ḥāshiyah ʻalá al-Fawāʼid al-Ḍiyāʼīyah</subfield>
	</datafield>
	<datafield ind1="1" ind2="3" tag="245">
		<subfield code="a">al-Jild al-awwal[-al-thānī] min al-Muḥarram.</subfield>
	</datafield>
	<datafield ind1="3" ind2="0" tag="246">
		<subfield code="a">Muḥarram</subfield>
	</datafield>
	<datafield ind1=" " ind2=" " tag="260">
		<subfield code="a">[Istanbul?] :</subfield>
		<subfield code="b">Yasārīʹzādah Muṣṭafá ʻIzzat,</subfield>
		<subfield code="c">1259 [1843]</subfield>
	</datafield>
	<datafield ind1=" " ind2=" " tag="300">
		<subfield code="a">online resource (2 volumes (1457 pages))</subfield>
	</datafield>
	<datafield ind1=" " ind2=" " tag="336">
		<subfield code="a">text</subfield>
		<subfield code="2">rdacontent</subfield>
	</datafield>
	<datafield ind1=" " ind2=" " tag="337">
		<subfield code="a">computer</subfield>
		<subfield code="2">rdamedia</subfield>
	</datafield>
	<datafield ind1=" " ind2=" " tag="338">
		<subfield code="a">online resource</subfield>
		<subfield code="2">rdacarrier</subfield>
	</datafield>
	<datafield ind1=" " ind2=" " tag="500">
		<subfield code="a">Caption title.</subfield>
	</datafield>
	<datafield ind1=" " ind2=" " tag="500">
		<subfield code="a">Vol. 1 ends with p. 632; vol. 2 begins with p. 749.</subfield>
	</datafield>
	<datafield ind1=" " ind2=" " tag="500">
		<subfield code="a">&quot;Ḥāshiyat al-Jāmī lil-fāḍil al-mashhūr bayna al-anām bi-Muḥarram&quot;--Colophon.</subfield>
	</datafield>
	<datafield ind1=" " ind2=" " tag="500">
		<subfield code="a">Part of the Arabic Collections Online (ACO) project, contributed by Princeton University Libraries.</subfield>
	</datafield>
	<datafield ind1=" " ind2=" " tag="533">
		<subfield code="a">Electronic reproduction.</subfield>
		<subfield code="b">New York, N.Y. :</subfield>
		<subfield code="c">New York University,</subfield>
		<subfield code="d">2021.</subfield>
		<subfield code="5">NNU</subfield>
	</datafield>
	<datafield ind1="1" ind2="0" tag="600">
		<subfield code="a">Ibn al-Ḥājib, ʻUthmān ibn ʻUmar,</subfield>
		<subfield code="d">1175-1249.</subfield>
		<subfield code="t">Kāfiyah.</subfield>
	</datafield>
	<datafield ind1="0" ind2="0" tag="600">
		<subfield code="a">Jāmī,</subfield>
		<subfield code="d">1414-1492.</subfield>
		<subfield code="t">Fawāʼid al-Ḍiyāʼīyah.</subfield>
	</datafield>
	<datafield ind1="0" ind2="7" tag="630">
		<subfield code="a">Fawāʼid al-Ḍiyāʼīyah (Jāmī)</subfield>
		<subfield code="2">fast</subfield>
		<subfield code="0">(OCoLC)fst01913444</subfield>
	</datafield>
	<datafield ind1="0" ind2="7" tag="630">
		<subfield code="a">Kāfiyah (Ibn al-Ḥājib, ʻUthmān ibn ʻUmar)</subfield>
		<subfield code="2">fast</subfield>
		<subfield code="0">(OCoLC)fst01366739</subfield>
	</datafield>
	<datafield ind1="2" ind2=" " tag="710">
		<subfield code="a">Princeton University.</subfield>
		<subfield code="b">Library.</subfield>
	</datafield>
	<datafield ind1="0" ind2=" " tag="730">
		<subfield code="a">Arabic Collections Online.</subfield>
	</datafield>
	<datafield ind1="0" ind2="8" tag="776">
		<subfield code="i">Online version:</subfield>
		<subfield code="a">Muḥarram Afandī.</subfield>
		<subfield code="s">Ḥāshiyah ʻalá al-Fawāʼid al-Ḍiyāʼīyah.</subfield>
		<subfield code="t">Jild al-awwal[-al-thānī] min al-Muḥarram.</subfield>
		<subfield code="d">[Istanbul?] : Yasārīʹzādah Muṣṭafá ʻIzzat, 1259 [1843]</subfield>
		<subfield code="w">(OCoLC)656984893</subfield>
	</datafield>
	<datafield ind1="0" ind2="8" tag="776">
		<subfield code="i">Print version:</subfield>
		<subfield code="a">Muḥarram Afandī.</subfield>
		<subfield code="t">al-Jild al-awwal[-al-thānī] min al-Muḥarram</subfield>
		<subfield code="w">(NjP)1088637</subfield>
		<subfield code="w">(OCoLC)35725754</subfield>
	</datafield>
	<datafield ind1="4" ind2="0" tag="856">
		<subfield code="u">http://hdl.handle.net/2333.1/9ghx3rmz</subfield>
	</datafield>
	<datafield ind1=" " ind2=" " tag="959">
		<subfield code="a">NNU</subfield>
		<subfield code="b">WEB</subfield>
		<subfield code="c">GENI</subfield>
		<subfield code="t">0</subfield>
		<subfield code="m">Electronic access</subfield>
		<subfield code="s">01</subfield>
	</datafield>
	<datafield ind1=" " ind2=" " tag="999">
		<subfield code="i">NjP_1088637</subfield>
		<subfield code="o">(OCoLC)ocm35725754 </subfield>
		<subfield code="s">princeton_aco004571:jild 1</subfield>
		<subfield code="s">princeton_aco004570:jild 2</subfield>
		<subfield code="e">(ERROR-880)(ERROR-MISC)</subfield>
	</datafield>
</record>
